@preamble{ "\newcommand{\noopsort}[1]{} "
	# "\newcommand{\printfirst}[2]{#1} "
	# "\newcommand{\singleletter}[1]{#1} "
	# "\newcommand{\switchargs}[2]{#2#1} " }


@article{wang1994complexity,
  title={On the complexity of multiple sequence alignment},
  author={Wang, Lusheng and Jiang, Tao},
  journal={Journal of computational biology},
  volume={1},
  number={4},
  pages={337--348},
  year={1994}
}

